<?xml version="1.0" encoding="UTF-8"?><collection xmlns="http://www.loc.gov/MARC21/slim"><record><leader>00553nam--2200169-i-4500</leader><controlfield tag="001">000009946</controlfield><controlfield tag="002">20161230</controlfield><controlfield tag="005">20161230201028</controlfield><controlfield tag="008">060222s1000------------r-----000-0-eng-d</controlfield><datafield ind1=" " ind2=" " tag="040"><subfield code="a">IFIN-HH</subfield></datafield><datafield ind1=" " ind2=" " tag="080"><subfield code="a">539.1.074.83</subfield></datafield><datafield ind1="1" ind2=" " tag="100"><subfield code="a">Dyer, A</subfield></datafield><datafield ind1="1" ind2="0" tag="245"><subfield code="a">Liquid scintillation counting</subfield><subfield code="b">Volume 1 proceedings of a symposium on liquid scintillation counting, university of salford september 21-22 1970</subfield><subfield code="c">A. dyer (ed.)</subfield></datafield><datafield ind1=" " ind2=" " tag="260"><subfield code="a">London</subfield><subfield code="b">Heyden &amp; Son, Ltd</subfield><subfield code="c">1971</subfield></datafield><datafield ind1=" " ind2=" " tag="300"><subfield code="a">VII+133P</subfield></datafield><datafield ind1=" " ind2=" " tag="852"><subfield code="a">35759</subfield><subfield code="c">539.1.07:539.1.08</subfield></datafield><datafield ind1=" " ind2=" " tag="CAT"><subfield code="a">Sys</subfield><subfield code="c">20111024</subfield><subfield code="h">162804</subfield></datafield></record></collection>